%%% Biber accepts '%' for marking comments

@book{BachBWV988,
	author={Bach, Johann Sebastian},
	title={Goldberg-Variationen f√ºr Streichquartett, BWV 988},
	editor={Anka, Dana},
	publisher={Musikverlag Hans Sikorski},
	location={Hamburg},
	date={2017},
	langid={ngerman}
}

% //TODO cite properly (currently [num])